@book{rtq2007,
  title={Quran: A Reformist Translation},
  author={Edip Yüksel and Laith Saleh al{-}Shaiban and Martha Schulte{-}Nafeh},
  year={2007},
  publisher={Rainbow Press}
}

@book{siregar1996,
  title={De Edele Koran},
  author={Sofjan S. Siregar},
  year={1996},
  publisher={Islamitisch Cultureel Centrum Nederland (ICCN)}
}

@book{leemhuis1989,
  title={De Koran},
  author={Fred Leemhuis},
  year={1989},
  publisher={Het Wereldvenster}
}

@book{noldeke1860,
  title={Geschichte des Qorans},
  author={Theodor Nöldeke},
  year={1860}
}

